
@article{rosenblatt_perceptron_1958,
	title = {The perceptron: A probabilistic model for information storage and organization in the brain},
	volume = {65},
    url = {https://psycnet.apa.org/doiLanding?doi=10.1037%2Fh0042519},
	doi = {10.1037/h0042519},
	pages = {386--408},
	number = {6},
	journaltitle = {Psychological Review},
	author = {Rosenblatt, Frank},
	date = {1958},
}

@article{mcculloch_logical_1943,
	title = {A logical calculus of the ideas immanent in nervous activity},
	volume = {5},
	url = {https://link.springer.com/article/10.1007/BF02478259},
	doi = {10.1007/BF02478259},
	pages = {115--133},
	number = {4},
	journaltitle = {The Bulletin of Mathematical Biophysics},
	author = {{McCulloch}, Warren S. and Pitts, Walter},
	date = {1943-12-01},
}

@inproceedings{krizhevsky_imagenet_2012,
	title = {{ImageNet} Classification with Deep Convolutional Neural Networks},
	volume = {25},
	url = {https://papers.nips.cc/paper_files/paper/2012/hash/c399862d3b9d6b76c8436e924a68c45b-Abstract.html},
	booktitle = {Advances in Neural Information Processing Systems},
	author = {Krizhevsky, Alex and Sutskever, Ilya and Hinton, Geoffrey E},
	date = {2012},
}

@article{hornik_multilayer_1989,
	title = {Multilayer feedforward networks are universal approximators},
	volume = {2},
	url = {https://www.sciencedirect.com/science/article/pii/0893608089900208},
	doi = {10.1016/0893-6080(89)90020-8},
	pages = {359--366},
	number = {5},
	journaltitle = {Neural Networks},
	author = {Hornik, Kurt and Stinchcombe, Maxwell and White, Halbert},
	date = {1989-01-01},
}

@article{cybenko_approximation_1989,
	title = {Approximation by superpositions of a sigmoidal function},
	volume = {2},
	url = {https://link.springer.com/article/10.1007/BF02551274},
	doi = {10.1007/BF02551274},
	pages = {303--314},
	number = {4},
	journaltitle = {Mathematics of Control, Signals and Systems},
	author = {Cybenko, George},
	date = {1989-12-01},
}

@article{pietsch_approximation_1981,
	title = {Approximation spaces},
	volume = {32},
	url = {https://www.sciencedirect.com/science/article/pii/002190458190109X},
	doi = {10.1016/0021-9045(81)90109-X},
	pages = {115--134},
	number = {2},
	journaltitle = {Journal of Approximation Theory},
	author = {Pietsch, Albrecht},
	date = {1981-06-01},
}

@article{gribonval_approximation_2022,
	title = {Approximation Spaces of Deep Neural Networks},
	volume = {55},
	url = {https://link.springer.com/article/10.1007/s00365-021-09543-4},
	doi = {10.1007/s00365-021-09543-4},
	pages = {259--367},
	number = {1},
	journaltitle = {Constructive Approximation},
	author = {Gribonval, RÃ©mi and Kutyniok, Gitta and Nielsen, Morten and Voigtlaender, Felix},
	date = {2022-02-01},
}

@article{devore_besov_1993,
	title = {Besov Spaces on Domains in Rd},
	volume = {335},
	url = {https://www.jstor.org/stable/2154408},
	doi = {10.2307/2154408},
	pages = {843--864},
	number = {2},
	journaltitle = {Transactions of the American Mathematical Society},
	author = {Devore, Ronald A. and Sharpley, Robert C.},
	date = {1993},
}

@article{petersen_optimal_2018,
	title = {Optimal approximation of piecewise smooth functions using deep {ReLU} neural networks},
	volume = {108},
    url = {https://www.sciencedirect.com/science/article/abs/pii/S0893608018302454},
	doi = {10.1016/j.neunet.2018.08.019},
	pages = {296--330},
	journaltitle = {Neural Networks},
	author = {Petersen, Philipp and Voigtlaender, Felix},
	date = {2018-12},
}
